% some book
@Book{RussellNorvig2016AIMA,
  Title                     = {Artificial Intelligence: A modern Approach, Global Edition},
  Author                    = {Stuart Russell and Peter Norvig},
  Year                      = {2016},
  Edition                   = {3},
  publisher                 = {Addison Wesley}
}


% some article (i.e., published in a journal)
@Article{Erol96ComplexityResultsForHTN,
  Title                    = {Complexity results for {HTN} planning},
  Author                   = {Kutluhan Erol and James A. Hendler and Dana S. Nau},
  Journal                  = {Annals of Mathematics and Artificial Intelligence (AMAI)},
  Year                     = {1996},
  Number                   = {1},
  Pages                    = {69--93},
  Volume                   = {18}
}


% some paper (i.e., published in a conference)
@InProceedings{Helmert08HowGoodIsPerfect,
  Title                    = {How Good is Almost Perfect?},
  Author                   = {Malte Helmert and Gabriele R{\"o}ger},
  Booktitle                = {Proceedings of the 23rd AAAI Conference on Artificial Intelligence ({AAAI} 2008)},
  Year                     = {2008},
  Pages                    = {944--949},
  Publisher                = {{AAAI} Press}
}
